% SIBYLL 2.3c
@article{Riehn:2017mfm,
    author = {Riehn, Felix and others},
    title = "{{The hadronic interaction model SIBYLL 2.3c and Feynman scaling}}",
    eprint = "1709.07227",
    archivePrefix = "arXiv",
    primaryClass = "hep-ph",
    doi = "10.22323/1.301.0301",
    journal = "PoS",
    volume = "ICRC2017",
    pages = "301",
    year = "2018"
}

@article{giunti2011statistical,
  title={Statistical significance of the gallium anomaly},
  author={Giunti, Carlo and Laveder, Marco},
  journal={Physical Review C},
  volume={83},
  number={6},
  pages={065504},
  year={2011},
  publisher={APS}
}

@article{aguilar2018significant,
  title={Significant excess of electronlike events in the MiniBooNE short-baseline neutrino experiment},
  author={Aguilar-Arevalo, AA and Brown, BC and Bugel, L and Cheng, G and Conrad, JM and Cooper, RL and Dharmapalan, R and Diaz, A and Djurcic, Z and Finley, DA and others},
  journal={Physical review letters},
  volume={121},
  number={22},
  pages={221801},
  year={2018},
  publisher={APS}
}

@article{mention2011reactor,
  title={Reactor antineutrino anomaly},
  author={Mention, G and Fechner, M and Lasserre, Th and Mueller, Th A and Lhuillier, D and Cribier, M and Letourneau, A},
  journal={Physical Review D},
  volume={83},
  number={7},
  pages={073006},
  year={2011},
  publisher={APS}
}


@article{serebrov2019first,
  title={First observation of the oscillation effect in the neutrino-4 experiment on the search for the sterile neutrino},
  author={Serebrov, Anatoly Pavlovich and others},
  journal={JETP Letters},
  volume={109},
  number={4},
  pages={213--221},
  year={2019},
  publisher={Springer}
}

% hillas gaisser 2012
@article{GAISSER2012801,
    title = {Spectrum of cosmic-ray nucleons, kaon production, and the atmospheric muon charge ratio},
    journal = {Astroparticle Physics},
    volume = {35},
    number = {12},
    pages = {801-806},
    year = {2012},
    issn = {0927-6505},
    doi = {https://doi.org/10.1016/j.astropartphys.2012.02.010},
    url = {https://www.sciencedirect.com/science/article/pii/S0927650512000497},
    author = {Thomas K. Gaisser},
    keywords = {Cosmic rays, Muons, Neutrinos},
    abstract = {Interpretation of measurements of the muon charge ratio in the TeV range depends on the spectra of protons and neutrons in the primary cosmic radiation and on the inclusive cross sections for production of π± and K± in the atmosphere. Recent measurements of the spectra of cosmic-ray nuclei are used here to estimate separately the energy spectra of protons and neutrons and hence to calculate the charge separated hadronic cascade in the atmosphere. From the corresponding production spectra of μ+ and μ− the μ+/μ− ratio is calculated and compared to recent measurements. The comparison leads to a determination of the relative contribution of kaons and pions. Implications for the spectra of νμ and ν¯μ are discussed.}
}

% MCEQ
@misc{fedynitch2015calculation,
      title={Calculation of conventional and prompt lepton fluxes at very high energy}, 
      author={Anatoli Fedynitch and others},
      year={2015},
      eprint={1503.00544},
      archivePrefix={arXiv},
      primaryClass={hep-ph}
}

% csms
@article{Cooper_Sarkar_2011,
   title={The high energy neutrino cross-section in the Standard Model and its uncertainty},
   volume={2011},
   ISSN={1029-8479},
   url={http://dx.doi.org/10.1007/JHEP08(2011)042},
   DOI={10.1007/jhep08(2011)042},
   number={8},
   journal={Journal of High Energy Physics},
   publisher={Springer Science and Business Media LLC},
   author={Cooper-Sarkar, A. and Mertsch, P. and Sarkar, S.},
   year={2011},
   month={Aug}
}

% starting events set
@article{PhysRevDoverone,
  title = {{Atmospheric and astrophysical neutrinos above 1 TeV interacting in IceCube}},
  author = {Aartsen, M. G. and others},
  collaboration = {IceCube Collaboration},
  journal = {Phys. Rev. D},
  volume = {91},
  issue = {2},
  pages = {022001},
  numpages = {16},
  year = {2015},
  month = {Jan},
  publisher = {American Physical Society},
  doi = {10.1103/PhysRevD.91.022001},
  url = {https://link.aps.org/doi/10.1103/PhysRevD.91.022001}
}

% the track data set
@article{PhysRevLett.117.071801,
  title = {{Searches for Sterile Neutrinos with the IceCube Detector}},
  author = {Aartsen, M. G. and others},
  collaboration = {IceCube Collaboration},
  journal = {Phys. Rev. Lett.},
  volume = {117},
  issue = {7},
  pages = {071801},
  numpages = {9},
  year = {2016},
  month = {Aug},
  publisher = {American Physical Society},
  doi = {10.1103/PhysRevLett.117.071801},
  url = {https://link.aps.org/doi/10.1103/PhysRevLett.117.071801}
}

% z-boson
@article{zboson2006, 
   title={{Precision Electroweak Measurements on the Z Resonance}},
   author = {{ S. Schael et al. (ALEPH, DELPHI, L3, OPAL, SLD, LEP Electroweak Working Group, SLD Electroweak Group, SLD Heavy Flavour Group) }},
   volume={427},
   ISSN={0370-1573},
   url={http://dx.doi.org/10.1016/j.physrep.2005.12.006},
   DOI={10.1016/j.physrep.2005.12.006},
   number={5-6},
   journal={Physics Reports},
   publisher={Elsevier BV},
   year={2006},
   month={May},
   pages={257–454}
}

% icecube
@article{Aartsen_2017,
	doi = {10.1088/1748-0221/12/03/p03012},
	url = {https://doi.org/10.1088/1748-0221/12/03/p03012},
	year = 2017,
	month = {mar},
	publisher = {{IOP} Publishing},
	volume = {12},
	number = {03},
	pages = {P03012--P03012},
	author = {M.G. Aartsen and others},
	title = {The {IceCube} Neutrino Observatory: instrumentation and online systems},
	journal = {Journal of Instrumentation},
	abstract = {The IceCube Neutrino Observatory is a cubic-kilometer-scale high-energy neutrino detector built into the ice at the South Pole. Construction of IceCube, the largest neutrino detector built to date, was completed in 2011 and enabled the discovery of high-energy astrophysical neutrinos. We describe here the design, production, and calibration of the IceCube digital optical module (DOM), the cable systems, computing hardware, and our methodology for drilling and deployment. We also describe the online triggering and data filtering systems that select candidate neutrino and cosmic ray events for analysis. Due to a rigorous pre-deployment protocol, 98.4% of the DOMs in the deep ice are operating and collecting data. IceCube routinely achieves a detector uptime of 99% by emphasizing software stability and monitoring. Detector operations have been stable since construction was completed, and the detector is expected to operate at least until the end of the next decade.}
}

% doms 
@article{ABBASI2009294,
    title = {{The IceCube data acquisition system: Signal capture, digitization, and timestamping}},
    journal = {Nuclear Instruments and Methods in Physics Research Section A: Accelerators, Spectrometers, Detectors and Associated Equipment},
    volume = {601},
    number = {3},
    pages = {294-316},
    year = {2009},
    issn = {0168-9002},
    doi = {https://doi.org/10.1016/j.nima.2009.01.001},
    url = {https://www.sciencedirect.com/science/article/pii/S0168900209000084},
    author = {Abbasi, R. and others},
    keywords = {Neutrino telescope, Icecube, Signal digitization, AMANDA},
    abstract = {IceCube is a km-scale neutrino observatory under construction at the South Pole with sensors both in the deep ice (InIce) and on the surface (IceTop). The sensors, called Digital Optical Modules (DOMs), detect, digitize and timestamp the signals from optical Cherenkov-radiation photons. The DOM Main Board (MB) data acquisition subsystem is connected to the central DAQ in the IceCube Laboratory (ICL) by a single twisted copper wire-pair and transmits packetized data on demand. Time calibration is maintained throughout the array by regular transmission to the DOMs of precisely timed analog signals, synchronized to a central GPS-disciplined clock. The design goals and consequent features, functional capabilities, and initial performance of the DOM MB, and the operation of a combined array of DOMs as a system, are described here. Experience with the first InIce strings and the IceTop stations indicates that the system design and performance goals have been achieved.}
}

%nuSQuIDS
@misc{arguelles:2015nu,
	title="{nuSQuIDS}",
  author = {Arg\"uelles, C. A. and Salvado, J. and Weaver, C. N.},
	howpublished={\url{https://github.com/Arguelles/nuSQuIDS}},
	year            = "2015"
}

%SQuIDS
@article{Delgado:2014kpa,
  author = {Arg\"uelles, C. A. and Salvado, J. and
    Weaver, C. N.},
  title = {{A Simple Quantum Integro-Differential Solver (SQuIDS)}},
  year = "2014",
  eprint = "1412.3832",
  archivePrefix = "arXiv",
  primaryClass = "hep-ph",
  SLACcitation = "%%CITATION = ARXIV:1412.3832;%%",
}

% Earth model
@article{DZIEWONSKI1981297,
    title = "Preliminary reference Earth model",
    journal = "Physics of the Earth and Planetary Interiors",
    volume = "25",
    number = "4",
    pages = "297 - 356",
    year = "1981",
    issn = "0031-9201",
    doi = "https://doi.org/10.1016/0031-9201(81)90046-7",
    url = "http://www.sciencedirect.com/science/article/pii/0031920181900467",
    author = "Dziewonski, A. M. and Anderson, D. L.",
}

% CSMS Cross Sections 
@article{CooperSarkar:2011pa,
    author = "Cooper-Sarkar, A. and Mertsch, P. and Sarkar, S.",
    title = "{{The high energy neutrino cross-section in the Standard Model and its uncertainty}}",
    eprint = "1106.3723",
    archivePrefix = "arXiv",
    primaryClass = "hep-ph",
    doi = "10.1007/JHEP08(2011)042",
    journal = "JHEP",
    volume = "08",
    pages = "042",
    year = "2011"
}

% LSND 
@article{Athanassopoulos_1998,
   title={Results on $\nu\mu\to\nu e$ Neutrino Oscillations from the LSND Experiment},
   volume={81},
   ISSN={1079-7114},
   url={http://dx.doi.org/10.1103/PhysRevLett.81.1774},
   DOI={10.1103/physrevlett.81.1774},
   number={9},
   journal={Physical Review Letters},
   publisher={American Physical Society (APS)},
   author={Athanassopoulos, C. and Auerbach, L. B. and Burman, R. L. and Caldwell, D. O. and Church, E. D. and Cohen, I. and Donahue, J. B. and Fazely, A. and Federspiel, F. J. and Garvey, G. T. and et al.},
   year={1998},
   month={Aug},
   pages={1774–1777}
}

% MiniBOONE
@article{Aguilar_Arevalo_2018,
   title={{Significant Excess of Electronlike Events in the MiniBooNE Short-Baseline Neutrino Experiment}},
   volume={121},
   ISSN={1079-7114},
   url={http://dx.doi.org/10.1103/PhysRevLett.121.221801},
   DOI={10.1103/physrevlett.121.221801},
   number={22},
   journal={Physical Review Letters},
   publisher={American Physical Society (APS)},
   author={Aguilar-Arevalo, A A. others},
   year={2018},
   month={Nov}
}

% light sterile neutrino
@misc{abazajian2012light,
      title={{Light Sterile Neutrinos: A White Paper}}, 
      author={K. N. Abazajian and others},
      year={2012},
      eprint={1204.5379},
      archivePrefix={arXiv},
      primaryClass={hep-ph}
}

% deepcore results
@article{Aartsen_2017_dc,
   title={{Search for sterile neutrino mixing using three years of IceCube DeepCore data}},
   volume={95},
   ISSN={2470-0029},
   url={http://dx.doi.org/10.1103/PhysRevD.95.112002},
   DOI={10.1103/physrevd.95.112002},
   number={11},
   journal={Physical Review D},
   publisher={American Physical Society (APS)},
   author={Aartsen, M. G. and others},
   year={2017},
   month={Jun}
}

% minos 
@article{Adamson_2011,
   title={{Active to Sterile Neutrino Mixing Limits from Neutral-Current Interactions in MINOS}},
   volume={107},
   ISSN={1079-7114},
   url={http://dx.doi.org/10.1103/PhysRevLett.107.011802},
   DOI={10.1103/physrevlett.107.011802},
   number={1},
   journal={Physical Review Letters},
   publisher={American Physical Society (APS)},
   author={Adamson, P. and others},
   year={2011},
   month={Jun}
}

% meows  prl
@article{Aartsen_2020,
   title={{eV-Scale Sterile Neutrino Search Using Eight Years of Atmospheric Muon Neutrino Data from the IceCube Neutrino Observatory}},
   volume={125},
   ISSN={1079-7114},
   url={http://dx.doi.org/10.1103/PhysRevLett.125.141801},
   DOI={10.1103/physrevlett.125.141801},
   number={14},
   journal={Physical Review Letters},
   publisher={American Physical Society (APS)},
   author={Aartsen, M. G. and others},
   year={2020},
   month={Sep}
}
% meows prd
@article{Aartsen_2020_prd,
   title={{Searching for eV-scale sterile neutrinos with eight years of atmospheric neutrinos at the IceCube Neutrino Telescope}},
   volume={102},
   ISSN={2470-0029},
   url={http://dx.doi.org/10.1103/PhysRevD.102.052009},
   DOI={10.1103/physrevd.102.052009},
   number={5},
   journal={Physical Review D},
   publisher={American Physical Society (APS)},
   author={Aartsen, M. G. and  others},
   year={2020},
   month={Sep}
}


% matter effects
@article{KRASTEV1989341,
    title = {Parametric effects in neutrino oscillations},
    journal = {Physics Letters B},
    volume = {226},
    number = {3},
    pages = {341-346},
    year = {1989},
    issn = {0370-2693},
    doi = {https://doi.org/10.1016/0370-2693(89)91206-9},
    url = {https://www.sciencedirect.com/science/article/pii/0370269389912069},
    author = {P.I. Krastev and A.Yu. Smirnov},
    abstract = {The influence of matter density perturbations on the resonance neutrino conversion and in particular the parametric enchancement of neutrino oscillations is considered. The conditions are found for which small density variations result in strong change of the neutrino flux. Possible consequences of parametric effects for solar and supernovae neutrinos are discussed.}
}
@article{Chizhov:1998ug,
    author = "Chizhov, M. and Maris, M. and Petcov, S. T.",
    title = "{On the oscillation length resonance in the transitions of solar and atmospheric neutrinos crossing the earth core}",
    eprint = "hep-ph/9810501",
    archivePrefix = "arXiv",
    reportNumber = "SISSA-53-98-EP",
    month = "7",
    year = "1998"
}
@article{Chizhov_1999,
   title={{New Conditions for a Total Neutrino Conversion in a Medium}},
   volume={83},
   ISSN={1079-7114},
   url={http://dx.doi.org/10.1103/PhysRevLett.83.1096},
   DOI={10.1103/physrevlett.83.1096},
   number={6},
   journal={Physical Review Letters},
   publisher={American Physical Society (APS)},
   author={Chizhov, M. V. and Petcov, S. T.},
   year={1999},
   month={Aug},
   pages={1096–1099}
}
@article{Akhmedov_2000,
   title={{Comment on “New Conditions for a Total Neutrino Conversion in a Medium”}},
   volume={85},
   ISSN={1079-7114},
   url={http://dx.doi.org/10.1103/PhysRevLett.85.3978},
   DOI={10.1103/physrevlett.85.3978},
   number={18},
   journal={Physical Review Letters},
   publisher={American Physical Society (APS)},
   author={Akhmedov, E. Kh. and Smirnov, A. Yu.},
   year={2000},
   month={Oct},
   pages={3978–3978}
}

% tau time!
@misc{abbasi2020measurement,
      title={{Measurement of Astrophysical Tau Neutrinos in IceCube's High-Energy Starting Events}}, 
      author={R. Abbasi and others},
      year={2020},
      eprint={2011.03561},
      archivePrefix={arXiv},
      primaryClass={hep-ex}
}

% snowstorm 
@article{Aartsen_2019_snow,
   title={{Efficient propagation of systematic uncertainties from calibration to analysis with the SnowStorm method in IceCube}},
   volume={2019},
   ISSN={1475-7516},
   url={http://dx.doi.org/10.1088/1475-7516/2019/10/048},
   DOI={10.1088/1475-7516/2019/10/048},
   number={10},
   journal={Journal of Cosmology and Astroparticle Physics},
   publisher={IOP Publishing},
   author={Aartsen, M.G. and others},
   year={2019},
   month={Oct},
   pages={048–048}
}

% antares light sterile sensitivity
@misc{aiello2021sensitivity,
      title={{Sensitivity to light sterile neutrino mixing parameters with KM3NeT/ORCA}}, 
      author={S. Aiello and others},
      year={2021},
      eprint={2107.00344},
      archivePrefix={arXiv},
      primaryClass={hep-ex}
}

% three neutrinos well established, pdg, tau decay, etc
@article{PhysRevD.98.030001,
  title = {{Review of Particle Physics}},
  author = {Tanabashi, M. and others},
  collaboration = {Particle Data Group},
  journal = {Phys. Rev. D},
  volume = {98},
  issue = {3},
  pages = {030001},
  numpages = {1898},
  year = {2018},
  month = {Aug},
  publisher = {American Physical Society},
  doi = {10.1103/PhysRevD.98.030001},
  url = {https://link.aps.org/doi/10.1103/PhysRevD.98.030001}
}

@article{Esteban_2019,
   title={{Global analysis of three-flavour neutrino oscillations: synergies and tensions in the determination of $\theta_{23}$, $\delta_{CP}$, and the mass ordering}},
   volume={2019},
   ISSN={1029-8479},
   url={http://dx.doi.org/10.1007/JHEP01(2019)106},
   DOI={10.1007/jhep01(2019)106},
   number={1},
   journal={Journal of High Energy Physics},
   publisher={Springer Science and Business Media LLC},
   author={Esteban, Ivan and Gonzalez-Garcia, M. C. and Hernandez-Cabezudo, Alvaro and Maltoni, Michele and Schwetz, Thomas},
   year={2019},
   month={Jan}
}

@article{de_Salas_2018,
   title={Status of neutrino oscillations 2018: 3$\sigma$ hint for normal mass ordering and improved CP sensitivity},
   volume={782},
   ISSN={0370-2693},
   url={http://dx.doi.org/10.1016/j.physletb.2018.06.019},
   DOI={10.1016/j.physletb.2018.06.019},
   journal={Physics Letters B},
   publisher={Elsevier BV},
   author={de Salas, P.F. and Forero, D.V. and Ternes, C.A. and Tórtola, M. and Valle, J.W.F.},
   year={2018},
   month={Jul},
   pages={633–640}
}
@article{Capozzi_2016,
   title={{Neutrino masses and mixings: Status of known and unknown 3$\nu$ parameters}},
   volume={908},
   ISSN={0550-3213},
   url={http://dx.doi.org/10.1016/j.nuclphysb.2016.02.016},
   DOI={10.1016/j.nuclphysb.2016.02.016},
   journal={Nuclear Physics B},
   publisher={Elsevier BV},
   author={Capozzi, F. and Lisi, E. and Marrone, A. and Montanino, D. and Palazzo, A.},
   year={2016},
   month={Jul},
   pages={218–234}
}

% kent distribution
@article{10.2307/2984712,
     ISSN = {00359246},
     URL = {http://www.jstor.org/stable/2984712},
     abstract = {The Fisher distribution is the analogue on the sphere of the isotropic bivariate normal distribution in the plane. The purpose of this paper is to propose and analyse a spherical analogue of the general bivariate normal distribution. Estimation, hypothesis testing and confidence regions are also discussed.},
     author = {John T. Kent},
     journal = {Journal of the Royal Statistical Society. Series B (Methodological)},
     number = {1},
     pages = {71--80},
     publisher = {[Royal Statistical Society, Wiley]},
     title = {{The Fisher-Bingham Distribution on the Sphere}},
     volume = {44},
     year = {1982}
}

%monopod 
@article{Aartsen_2017_monood,
   title={{Search for Astrophysical Sources of Neutrinos Using Cascade Events in IceCube}},
   volume={846},
   ISSN={1538-4357},
   url={http://dx.doi.org/10.3847/1538-4357/aa8508},
   DOI={10.3847/1538-4357/aa8508},
   number={2},
   journal={The Astrophysical Journal},
   publisher={American Astronomical Society},
   author={Aartsen, M. G. and others},
   year={2017},
   month={Sep},
   pages={136}
}


% flavor ratio papers
@article{ATHAR_2006,
   title={INTRINSIC AND OSCILLATED ASTROPHYSICAL NEUTRINO FLAVOR RATIOS REVISITED},
   volume={21},
   ISSN={1793-6632},
   url={http://dx.doi.org/10.1142/S021773230602038X},
   DOI={10.1142/s021773230602038x},
   number={13},
   journal={Modern Physics Letters A},
   publisher={World Scientific Pub Co Pte Lt},
   author={Athar, H. and Kim, C. S. and Lee, J.},
   year={2006},
   month={Apr},
   pages={1049–1065}
}
@article{PhysRevD.68.093005,
  title = {Measuring flavor ratios of high-energy astrophysical neutrinos},
  author = {Beacom, J. F. and Bell, N. F. and Hooper, D. and Pakvasa, S. and Weiler, T. J.},
  journal = {Phys. Rev. D},
  volume = {68},
  issue = {9},
  pages = {093005},
  numpages = {10},
  year = {2003},
  month = {Nov},
  publisher = {American Physical Society},
  doi = {10.1103/PhysRevD.68.093005},
  url = {https://link.aps.org/doi/10.1103/PhysRevD.68.093005}
}

% relevant physics 
@article{Gonzalez_Garcia_2005,
   title={{Physics reach of high-energy and high-statistics IceCube atmospheric neutrino data}},
   volume={71},
   ISSN={1550-2368},
   url={http://dx.doi.org/10.1103/PhysRevD.71.093010},
   DOI={10.1103/physrevd.71.093010},
   number={9},
   journal={Physical Review D},
   publisher={American Physical Society (APS)},
   author={Gonzalez-Garcia, M. C. and Halzen, F. and Maltoni, M.},
   year={2005},
   month={May}
}
% glashow
@article{PhysRev.118.316,
  title = {{Resonant Scattering of Antineutrinos}},
  author = {Glashow, Sheldon L.},
  journal = {Phys. Rev.},
  volume = {118},
  issue = {1},
  pages = {316--317},
  numpages = {0},
  year = {1960},
  month = {Apr},
  publisher = {American Physical Society},
  doi = {10.1103/PhysRev.118.316},
  url = {https://link.aps.org/doi/10.1103/PhysRev.118.316}
}

% tau regeneration 
@article{PhysRevLett.81.4305,
  title = {Tau Neutrino Appearance with a 1000 Megaparsec Baseline},
  author = {Halzen, F. and Saltzberg, D.},
  journal = {Phys. Rev. Lett.},
  volume = {81},
  issue = {20},
  pages = {4305--4308},
  numpages = {0},
  year = {1998},
  month = {Nov},
  publisher = {American Physical Society},
  doi = {10.1103/PhysRevLett.81.4305},
  url = {https://link.aps.org/doi/10.1103/PhysRevLett.81.4305}
}

% no theta-14 bruh
@article{Kopp_2013,
   title={Sterile neutrino oscillations: the global picture},
   volume={2013},
   ISSN={1029-8479},
   url={http://dx.doi.org/10.1007/JHEP05(2013)050},
   DOI={10.1007/jhep05(2013)050},
   number={5},
   journal={Journal of High Energy Physics},
   publisher={Springer Science and Business Media LLC},
   author={Kopp, J. and others},
   year={2013},
   month={May}
}

@article{ABBASI2012615,
    title = {{The design and performance of IceCube DeepCore}},
    journal = {Astroparticle Physics},
    volume = {35},
    number = {10},
    pages = {615-624},
    year = {2012},
    issn = {0927-6505},
    doi = {https://doi.org/10.1016/j.astropartphys.2012.01.004},
    url = {https://www.sciencedirect.com/science/article/pii/S0927650512000254},
    author = {R. Abbasi and others},
    keywords = {Neutrino, Detector, Antarctica, DeepCore, IceCube}
}

% effective area phd dissertation
@PHDTHESIS{2018PhDT17N,
       author = {{Niederhausen}, H.},
        title = "{Measurement of the High Energy Astrophysical Neutrino Flux Using Electron and Tau Neutrinos Observed in Four Years of IceCube Data}",
     keywords = {Physics;Astrophysics;High energy physics},
       school = {State University of New York at Stony Brook},
         year = 2018,
        month = jan,
       adsurl = {https://ui.adsabs.harvard.edu/abs/2018PhDT........17N},
      adsnote = {Provided by the SAO/NASA Astrophysics Data System}
}

@article{PhysRevD.91.052019,
  title = {{Limits on sterile neutrino mixing using atmospheric neutrinos in Super-Kamiokande}},
  author = {Abe, K. and others},
  collaboration = {Super-Kamiokande Collaboration},
  journal = {Phys. Rev. D},
  volume = {91},
  issue = {5},
  pages = {052019},
  numpages = {22},
  year = {2015},
  month = {Mar},
  publisher = {American Physical Society},
  doi = {10.1103/PhysRevD.91.052019},
  url = {https://link.aps.org/doi/10.1103/PhysRevD.91.052019}
}

%BEST results
@misc{barinov2021results,
      title={Results from the Baksan Experiment on Sterile Transitions (BEST)}, 
      author={V. V. Barinov and others},
      year={2021},
      eprint={2109.11482},
      archivePrefix={arXiv},
      primaryClass={nucl-ex}
}

% flavor ratio
@article{Aartsen_2015,
   title={{Flavor Ratio of Astrophysical Neutrinos above 35~TeV in IceCube}},
   volume={114},
   ISSN={1079-7114},
   url={http://dx.doi.org/10.1103/PhysRevLett.114.171102},
   DOI={10.1103/physrevlett.114.171102},
   number={17},
   journal={Physical Review Letters},
   publisher={American Physical Society (APS)},
   author={Aartsen, M. G. and others},
   year={2015},
   month={Apr}
}

% ev scale nu can explain gallium anomaly
@article{LAVEDER2007344,
    title = {{Unbound Neutrino Roadmaps}},
    journal = {Nuclear Physics B - Proceedings Supplements},
    volume = {168},
    pages = {344-346},
    year = {2007},
    note = {Proceedings of the Neutrino Oscillation Workshop},
    issn = {0920-5632},
    doi = {https://doi.org/10.1016/j.nuclphysbps.2007.02.037},
    url = {https://www.sciencedirect.com/science/article/pii/S0920563207001752},
    author = {M. Laveder},
    abstract = {The problem of understanding why neutrino mixing is different from quark mixing is of fundamental importance today. The Majorana nature of neutrinos, totally different from the Dirac nature of quarks, could easily be the source of such a difference. In the most general case of a Dirac-Majorana mass term, the Majorana nature of neutrinos implies a mixing between active and sterile states, if they exist. Here we concentrate on electron neutrinos and assume that electron neutrinos can oscillate both into active states and into sterile states, with mixing angle similar to the Cabibbo angle. This assumption, together with a squared-mass difference at the eV2 scale, in order to account for the LSND anomaly, predicts a disappearance signal that is compatible with SNO-NC measurements in solar neutrinos and with Gallium calibration source recent results. Active-sterile oscillations of this kind could also affect electron neutrinos in MiniBoone. Comparison of this hypothesis with reactor limits suggests new measurements with future beta beams.}
}

% sage anomaly
@article{PhysRevC.73.045805,
  title = {Measurement of the response of a Ga solar neutrino experiment to neutrinos from a $^{37}\mathrm{Ar}$ source},
  author = {Abdurashitov, J. N. and others},
  journal = {Phys. Rev. C},
  volume = {73},
  issue = {4},
  pages = {045805},
  numpages = {12},
  year = {2006},
  month = {Apr},
  publisher = {American Physical Society},
  doi = {10.1103/PhysRevC.73.045805},
  url = {https://link.aps.org/doi/10.1103/PhysRevC.73.045805}
}

% gandhi neutrinos 
@article{gandhineutrinos,
   title={Ultrahigh-energy neutrino interactions},
   volume={5},
   ISSN={0927-6505},
   url={http://dx.doi.org/10.1016/0927-6505(96)00008-4},
   DOI={10.1016/0927-6505(96)00008-4},
   number={2},
   journal={Astroparticle Physics},
   publisher={Elsevier BV},
   author={Gandhi, Raj and Quigg, Chris and Hall Reno, Mary and Sarcevic, Ina},
   year={1996},
   month={Aug},
   pages={81–110}
}

% icecube glashow 
@article{IceCube:2021rpz,
    author = "Aartsen, M. G. and others",
    collaboration = "IceCube",
    title = "{Detection of a particle shower at the Glashow resonance with IceCube}",
    doi = "10.1038/s41586-021-03256-1",
    journal = "Nature",
    volume = "591",
    number = "7849",
    pages = "220--224",
    year = "2021",
    note = "[Erratum: Nature 592, E11 (2021)]"
}

% good topology citation 
@article{icecube_energy_reco,
   title={{Energy reconstruction methods in the IceCube neutrino telescope}},
   volume={9},
   ISSN={1748-0221},
   url={http://dx.doi.org/10.1088/1748-0221/9/03/P03009},
   DOI={10.1088/1748-0221/9/03/p03009},
   number={03},
   journal={Journal of Instrumentation},
   publisher={IOP Publishing},
   author={Aartsen, M. G. and others},
   year={2014},
   month={Mar},
   pages={P03009–P03009}
}


% polygonato 
@article{polygonato2003,
   title={On the knee in the energy spectrum of cosmic rays},
   volume={19},
   ISSN={0927-6505},
   url={http://dx.doi.org/10.1016/S0927-6505(02)00198-6},
   DOI={10.1016/s0927-6505(02)00198-6},
   number={2},
   journal={Astroparticle Physics},
   publisher={Elsevier BV},
   author={Hörandel, J. R.},
   year={2003},
   month={May},
   pages={193–220}
}

% qgsjet-ii 
@article{qgsjet2011,
   title={Monte Carlo treatment of hadronic interactions in enhanced Pomeron scheme: QGSJET-II model},
   volume={83},
   ISSN={1550-2368},
   url={http://dx.doi.org/10.1103/PhysRevD.83.014018},
   DOI={10.1103/physrevd.83.014018},
   number={1},
   journal={Physical Review D},
   publisher={American Physical Society (APS)},
   author={Ostapchenko, S.},
   year={2011},
   month={Jan}
}

@article{nufit2020,
   title={The fate of hints: updated global analysis of three-flavor neutrino oscillations},
   volume={2020},
   ISSN={1029-8479},
   url={http://dx.doi.org/10.1007/JHEP09(2020)178},
   DOI={10.1007/jhep09(2020)178},
   number={9},
   journal={Journal of High Energy Physics},
   publisher={Springer Science and Business Media LLC},
   author={Esteban, Ivan and Gonzalez-Garcia, M.C. and Maltoni, Michele and Schwetz, Thomas and Zhou, Albert},
   year={2020},
   month={Sep}
}

% high energy starting events hese 
@article{2021hese,
   title={{IceCube high-energy starting event sample: Description and flux characterization with 7.5 years of data}},
   volume={104},
   ISSN={2470-0029},
   url={http://dx.doi.org/10.1103/PhysRevD.104.022002},
   DOI={10.1103/physrevd.104.022002},
   number={2},
   journal={Physical Review D},
   publisher={American Physical Society (APS)},
   author={Abbasi, R. and others},
   year={2021},
   month={Jul}
}

% 6 six years cascade sample
@article{sixyrscascade,
   title={{Characteristics of the Diffuse Astrophysical Electron and Tau Neutrino Flux with Six Years of IceCube High Energy Cascade Data}},
   volume={125},
   ISSN={1079-7114},
   url={http://dx.doi.org/10.1103/PhysRevLett.125.121104},
   DOI={10.1103/physrevlett.125.121104},
   number={12},
   journal={Physical Review Letters},
   publisher={American Physical Society (APS)},
   author={Aartsen, M. G. others},
   year={2020},
   month={Sep}
}

% 5 years inelasticity 
@article{inelasticity2019,
   title={{Measurements using the inelasticity distribution of multi-TeV neutrino interactions in IceCube}},
   volume={99},
   ISSN={2470-0029},
   url={http://dx.doi.org/10.1103/PhysRevD.99.032004},
   DOI={10.1103/physrevd.99.032004},
   number={3},
   journal={Physical Review D},
   publisher={American Physical Society (APS)},
   author={Aartsen, M. G. others},
   year={2019},
   month={Feb}
}


@misc{microboonecollaboration2021search1,
      title={Search for an anomalous excess of charged-current $\nu_e$ interactions without pions in the final state with the MicroBooNE experiment}, 
      author={P. Abratenko and others},
      year={2021},
      eprint={2110.14065},
      archivePrefix={arXiv},
      primaryClass={hep-ex}
}

@article{kopp2013sterile,
  title={Sterile neutrino oscillations: the global picture},
  author={Kopp, Joachim and others},
  journal={Journal of High Energy Physics},
  volume={2013},
  number={5},
  pages={1--52},
  year={2013},
  publisher={Springer}
}

@article{esmaili2013restricting,
  title={{Restricting the LSND and MiniBooNE sterile neutrinos with the IceCube atmospheric neutrino data}},
  author={Esmaili, A. and Smirnov, A.Y.},
  journal={Journal of High Energy Physics},
  volume={2013},
  number={12},
  pages={1--26},
  year={2013},
  publisher={Springer}
}

@misc{microboonecollaboration2021search,
      title={Search for an anomalous excess of charged-current quasi-elastic $\nu_e$ interactions with the MicroBooNE experiment using Deep-Learning-based reconstruction}, 
      author={P. Abratenko and others},
      year={2021},
      eprint={2110.14080},
      archivePrefix={arXiv},
      primaryClass={hep-ex}
}

@misc{microboonecollaboration2021searchmulti,
      title={Search for an Excess of Electron Neutrino Interactions in MicroBooNE Using Multiple Final State Topologies}, 
      author={P. Abratenko and others},
      year={2021},
      eprint={2110.14054},
      archivePrefix={arXiv},
      primaryClass={hep-ex}
}

@article{razzaque2012searches,
  title={Searches for sterile neutrinos with IceCube DeepCore},
  author={Razzaque, Soebur and Smirnov, A Yu},
  journal={Physical Review D},
  volume={85},
  number={9},
  pages={093010},
  year={2012},
  publisher={APS}
}

@article{miniboone2018,
   title={{Significant Excess of Electronlike Events in the MiniBooNE Short-Baseline Neutrino Experiment}},
   volume={121},
   ISSN={1079-7114},
   url={http://dx.doi.org/10.1103/PhysRevLett.121.221801},
   DOI={10.1103/physrevlett.121.221801},
   number={22},
   journal={Physical Review Letters},
   publisher={American Physical Society (APS)},
   author={Aguilar-Arevalo, A.A. and others},
   year={2018},
   month={Nov}
}


@misc{search_for_anomalous,
      title={Search for an anomalous excess of charged-current quasi-elastic $\nu_e$ interactions with the MicroBooNE experiment using Deep-Learning-based reconstruction}, 
      author={P. Abratenko and others},
      year={2021},
      eprint={2110.14080},
      archivePrefix={arXiv},
      primaryClass={hep-ex}
}

@article{Nunokawa:2003ep,
   title={{Probing the LSND mass scale and four neutrino scenarios with a neutrino telescope}},
   volume={562},
   ISSN={0370-2693},
   url={http://dx.doi.org/10.1016/S0370-2693(03)00603-8},
   DOI={10.1016/s0370-2693(03)00603-8},
   number={3-4},
   journal={Physics Letters B},
   publisher={Elsevier BV},
   author={Nunokawa, H. and others},
   year={2003},
   month={Jun},
   pages={279–290}
}

@article{Petcov:2016iiu,
   title={{On the IceCube result on $\bar{nu}_{\mu}\to\bar{nu}_{s}$ oscillations}},
   volume={32},
   ISSN={1793-656X},
   url={http://dx.doi.org/10.1142/S0217751X1750018X},
   DOI={10.1142/s0217751x1750018x},
   number={04},
   journal={International Journal of Modern Physics A},
   publisher={World Scientific Pub Co Pte Lt},
   author={Petcov, S. T.},
   year={2017},
   month={Feb},
   pages={1750018}
}

@article{Akhmedov:1988kd,
    author = "Akhmedov, Evgeny K.",
    title = "{Neutrino oscillations in inhomogeneous matter. (In Russian)}",
    journal = "Sov. J. Nucl. Phys.",
    volume = "47",
    pages = "301--302",
    year = "1988"
}

@article{Choubey:2007ji,
   title={Signature of sterile species in atmospheric neutrino data at neutrino telescopes},
   volume={2007},
   ISSN={1029-8479},
   url={http://dx.doi.org/10.1088/1126-6708/2007/12/014},
   DOI={10.1088/1126-6708/2007/12/014},
   number={12},
   journal={Journal of High Energy Physics},
   publisher={Springer Science and Business Media LLC},
   author={Choubey, Sandhya},
   year={2007},
   month={Dec},
   pages={014–014}
}

@article{Barger:2011rc,
   title={{Is there evidence for sterile neutrinos in IceCube data?}},
   volume={85},
   ISSN={1550-2368},
   url={http://dx.doi.org/10.1103/PhysRevD.85.011302},
   DOI={10.1103/physrevd.85.011302},
   number={1},
   journal={Physical Review D},
   publisher={American Physical Society (APS)},
   author={Barger, V. and Gao, Y. and Marfatia, D.},
   year={2012},
   month={Jan}
}

@article{Esmaili:2012nz,
   title={{Constraining sterile neutrinos with AMANDA and IceCube atmospheric neutrino data}},
   volume={2012},
   ISSN={1475-7516},
   url={http://dx.doi.org/10.1088/1475-7516/2012/11/041},
   DOI={10.1088/1475-7516/2012/11/041},
   number={11},
   journal={Journal of Cosmology and Astroparticle Physics},
   publisher={IOP Publishing},
   author={Esmaili, Arman and Halzen, Francis and Peres, O.L.G},
   year={2012},
   month={Nov},
   pages={041–041}
}

@article{Lindner:2015iaa,
   title={Sterile neutrinos in the light of IceCube},
   volume={2016},
   ISSN={1029-8479},
   url={http://dx.doi.org/10.1007/JHEP01(2016)124},
   DOI={10.1007/jhep01(2016)124},
   number={1},
   journal={Journal of High Energy Physics},
   publisher={Springer Science and Business Media LLC},
   author={Lindner, Manfred and Rodejohann, Werner and Xu, Xun-Jie},
   year={2016},
   month={Jan}
}

@article{Cirelli:2004cz,
   title={{Probing oscillations into sterile neutrinos with cosmology, astrophysics and experiments}},
   volume={708},
   ISSN={0550-3213},
   url={http://dx.doi.org/10.1016/j.nuclphysb.2004.11.056},
   DOI={10.1016/j.nuclphysb.2004.11.056},
   number={1-3},
   journal={Nuclear Physics B},
   publisher={Elsevier BV},
   author={Cirelli, M. and Marandella, G. and Strumia, A. and Vissani, F.},
   year={2005},
   month={Feb},
   pages={215–267}
}


@article{Gariazzo:2017fdh,
   title={{Updated global 3+1 analysis of short-baseline neutrino oscillations}},
   volume={2017},
   ISSN={1029-8479},
   url={http://dx.doi.org/10.1007/JHEP06(2017)135},
   DOI={10.1007/jhep06(2017)135},
   number={6},
   journal={Journal of High Energy Physics},
   publisher={Springer Science and Business Media LLC},
   author={Gariazzo, S. and Giunti, C. and Laveder, M. and Li, Y. F.},
   year={2017},
   month={Jun}
}

@article{Dentler:2017tkw,
   title={Sterile neutrinos or flux uncertainties? — Status of the reactor anti-neutrino anomaly},
   volume={2017},
   ISSN={1029-8479},
   url={http://dx.doi.org/10.1007/JHEP11(2017)099},
   DOI={10.1007/jhep11(2017)099},
   number={11},
   journal={Journal of High Energy Physics},
   publisher={Springer Science and Business Media LLC},
   author={Dentler, Mona and Hernández-Cabezudo, Álvaro and Kopp, Joachim and Maltoni, Michele and Schwetz, Thomas},
   year={2017},
   month={Nov}
}

@article{Diaz:2019fwt,
   title={Where are we with light sterile neutrinos?},
   volume={884},
   ISSN={0370-1573},
   url={http://dx.doi.org/10.1016/j.physrep.2020.08.005},
   DOI={10.1016/j.physrep.2020.08.005},
   journal={Physics Reports},
   publisher={Elsevier BV},
   author={Diaz, A. and Argüelles, C.A. and Collin, G.H. and Conrad, J.M. and Shaevitz, M.H.},
   year={2020},
   month={Nov},
   pages={1–59}
}

@article{carlos2020,
   title={{Sterile neutrinos in astrophysical neutrino flavor}},
   volume={2020},
   ISSN={1475-7516},
   url={http://dx.doi.org/10.1088/1475-7516/2020/02/015},
   DOI={10.1088/1475-7516/2020/02/015},
   number={02},
   journal={Journal of Cosmology and Astroparticle Physics},
   publisher={IOP Publishing},
   author={Argüelles, Carlos A. and Farrag, Kareem and Katori, Teppei and Khandelwal, Rishabh and Mandalia, Shivesh and Salvado, Jordi},
   year={2020},
   month={Feb},
   pages={015–015}
}

@article{trackaccuracy2017,
   title={All-sky Search for Time-integrated Neutrino Emission from Astrophysical Sources with 7 yr of IceCube Data},
   volume={835},
   ISSN={1538-4357},
   url={http://dx.doi.org/10.3847/1538-4357/835/2/151},
   DOI={10.3847/1538-4357/835/2/151},
   number={2},
   journal={The Astrophysical Journal},
   publisher={American Astronomical Society},
   author={Aartsen, M. G. and others},
   year={2017},
   month={Jan},
   pages={151}
}

@misc{berns2021recent,
      title={Recent Results from T2K}, 
      author={Lukas Berns},
      year={2021},
      eprint={2105.06732},
      archivePrefix={arXiv},
      primaryClass={hep-ex}
}

@article{sbnfermilab,
   title={{The Short-Baseline Neutrino Program at Fermilab}},
   volume={69},
   ISSN={1545-4134},
   url={http://dx.doi.org/10.1146/annurev-nucl-101917-020949},
   DOI={10.1146/annurev-nucl-101917-020949},
   number={1},
   journal={Annual Review of Nuclear and Particle Science},
   publisher={Annual Reviews},
   author={Machado, Pedro A.N. and others},
   year={2019},
   month={Oct},
   pages={363–387}
}
